<?xml version="1.0" encoding="UTF-8"?><collection xmlns="http://www.loc.gov/MARC21/slim"><record><leader>00395nam--2200121-i-4500</leader><controlfield tag="001">000038643</controlfield><controlfield tag="002">20161230</controlfield><controlfield tag="005">20161230201041</controlfield><controlfield tag="008">060222s1000------------r-----000-0-eng-d</controlfield><datafield ind1=" " ind2=" " tag="080"><subfield code="a">621.382(061.3)</subfield></datafield><datafield ind1=" " ind2=" " tag="245"><subfield code="a">Report on the twenty-third annual conference on physical electronics, held march 20, 21 and 22, 1963</subfield></datafield><datafield ind1=" " ind2=" " tag="260"><subfield code="a">Cambridge, Massachusetts Inst.Of Tehcnology 1963, Ix + 422p</subfield></datafield><datafield ind1=" " ind2=" " tag="852"><subfield code="a">77217</subfield></datafield></record></collection>